% incl/bib/articles.bib : referencer til artikler
% ------------------------------------------------------------------------------
@Misc{lexipositiv,
	title     = {{\textit{Lexicographic order}}},
	author		= {{Mathematical Programming Glossary}},
  note = {Tilg√•et d. 20/5-2020},
  year = {1996},
  howpublished = {\url{https://glossary.informs.org/ver2/mpgwiki/index.php/Lexicographic_order}}
 }