% books.bib : referencer til lærebøger
% ------------------------------------------------------------------------------


@Book{dmat,
  author    = {Kenneth H. Rosen},
  title     = {Discrete Mathematics and Its Applications},
  publisher = {McGraw-Hill},
  year      = {2013},
  edition   = {7th}
}

@Book{calc,
  author    = {C. Henry Edwards and David E. Penney},
  title     = {Calculus: Early Transcendentals},
  publisher = {Pearson},
  year      = {2014},
  edition   = {7th}
}

@Book{lial,
  author    = {L. Spence and A. Insel and S. Friedberg},
  title     = {Elementary Linear Algebra: A Matrix Approach},
  publisher = {Pearson},
  year      = {2015},
  edition   = {2nd}
}

@Book{bert,
    author = {Bertsimas, D. and Tsitsiklis, J.},
  title     = {Introduction to Linear Optimization},
  publisher = {Athena Scientific},
  year      = {1997},
  edition   = {1st}
}